<?xml version="1.0" encoding="UTF-8"?><collection xmlns="http://www.loc.gov/MARC21/slim"><record><leader>00479nam--2200181-i-4500</leader><controlfield tag="001">000040523</controlfield><controlfield tag="002">20161230</controlfield><controlfield tag="005">20161230201042</controlfield><controlfield tag="008">060222s1000------------r-----000-0-ger-d</controlfield><datafield ind1=" " ind2=" " tag="040"><subfield code="a">IFIN-HH</subfield></datafield><datafield ind1=" " ind2=" " tag="041"><subfield code="a">ger</subfield></datafield><datafield ind1=" " ind2=" " tag="080"><subfield code="a">523.3(043)</subfield></datafield><datafield ind1="1" ind2=" " tag="100"><subfield code="a">Schastok,Joachim</subfield></datafield><datafield ind1="1" ind2="0" tag="245"><subfield code="a">Dkrei studien zur dynamik des erde-mond-syszems</subfield><subfield code="b">Dissertation</subfield><subfield code="c">Joachim schastok</subfield></datafield><datafield ind1=" " ind2=" " tag="260"><subfield code="a">Tubingen</subfield><subfield code="b">Universitat</subfield><subfield code="c">1987</subfield></datafield><datafield ind1=" " ind2=" " tag="300"><subfield code="a">88 P</subfield></datafield><datafield ind1=" " ind2=" " tag="852"><subfield code="a">74479</subfield><subfield code="c">523</subfield></datafield><datafield ind1=" " ind2=" " tag="CAT"><subfield code="a">Sys</subfield><subfield code="c">20141208</subfield><subfield code="h">165521</subfield></datafield></record></collection>